<record><leader>00000cas a22000007a 4500</leader><controlfield tag="001">22880161</controlfield><controlfield tag="008">901220u1916uuuunjuwr ne      0    0eng d</controlfield><datafield ind1=" " ind2=" " tag="010"><subfield code="a">sn 90063093 </subfield></datafield><datafield ind1=" " ind2=" " tag="040"><subfield code="a">NJW</subfield><subfield code="b">eng</subfield><subfield code="c">NJW</subfield><subfield code="d">OCL</subfield><subfield code="d">OCLCQ</subfield></datafield><datafield ind1=" " ind2=" " tag="042"><subfield code="a">msc</subfield></datafield><datafield ind1="0" ind2="4" tag="245"><subfield code="a">The Pascack journal.</subfield></datafield><datafield ind1=" " ind2=" " tag="260"><subfield code="a">Park Ridge, N.J. :</subfield><subfield code="b">Pascack Journal Pub. Co.</subfield></datafield><datafield ind1=" " ind2=" " tag="300"><subfield code="a">v.</subfield></datafield><datafield ind1=" " ind2=" " tag="310"><subfield code="a">Weekly</subfield></datafield><datafield ind1="0" ind2=" " tag="362"><subfield code="a">Vol. 1, no. 21 (July 1, 1916)-</subfield></datafield><datafield ind1=" " ind2=" " tag="752"><subfield code="a">United States</subfield><subfield code="b">New Jersey</subfield><subfield code="c">Bergen</subfield><subfield code="d">Park Ridge.</subfield></datafield><datafield ind1="0" ind2="0" tag="780"><subfield code="t">Sunday whirl and Pascack journal</subfield><subfield code="w">(DLC)sn 90063094</subfield></datafield></record>